<record><leader>00000cas a22000007a 4500</leader><controlfield tag="001">15274431</controlfield><controlfield tag="008">870305d184u1858nyuwr n       0    0eng d</controlfield><datafield ind1=" " ind2=" " tag="010"><subfield code="a">sn 87028068 </subfield></datafield><datafield ind1=" " ind2=" " tag="040"><subfield code="a">NYG</subfield><subfield code="b">eng</subfield><subfield code="c">NYG</subfield><subfield code="d">NYS</subfield><subfield code="d">OCL</subfield><subfield code="d">OCLCQ</subfield><subfield code="d">OCLCF</subfield><subfield code="d">OCLCO</subfield></datafield><datafield ind1=" " ind2=" " tag="042"><subfield code="a">msc</subfield></datafield><datafield ind1=" " ind2=" " tag="043"><subfield code="a">n-us-ny</subfield></datafield><datafield ind1="0" ind2=" " tag="130"><subfield code="a">Radii (Fort Plain, N.Y.)</subfield></datafield><datafield ind1="1" ind2="4" tag="245"><subfield code="a">The radii.</subfield></datafield><datafield ind1="3" ind2="0" tag="246"><subfield code="a">New-York State radii</subfield></datafield><datafield ind1="1" ind2="3" tag="246"><subfield code="a">Weekly radii</subfield><subfield code="f">&lt;1855&gt;</subfield></datafield><datafield ind1=" " ind2=" " tag="260"><subfield code="a">Fort Plain, N.Y. :</subfield><subfield code="b">Levi S. Backus</subfield></datafield><datafield ind1=" " ind2=" " tag="300"><subfield code="a">v. :</subfield><subfield code="b">ill. ;</subfield><subfield code="c">60-61 cm.</subfield></datafield><datafield ind1=" " ind2=" " tag="310"><subfield code="a">Weekly</subfield></datafield><datafield ind1="0" ind2=" " tag="362"><subfield code="a">-v. 23, no. 1145 (May 20, 1858).</subfield></datafield><datafield ind1=" " ind2=" " tag="500"><subfield code="a">Published in Hamilton, N.Y., &lt;June 14, 1855&gt; as: New-York State radii.</subfield></datafield><datafield ind1=" " ind2=" " tag="500"><subfield code="a">Publisher: Levi S. Backus, &lt;1843&gt;; &lt;1858&gt;.</subfield></datafield><datafield ind1=" " ind2=" " tag="500"><subfield code="a">Hand signs for letters are either under or above title.</subfield></datafield><datafield ind1=" " ind2=" " tag="500"><subfield code="a">Content and numbering identical to: Montgomery phoenix and Fort Plain advertiser, &lt;1843-1847&gt;.</subfield></datafield><datafield ind1=" " ind2=" " tag="515"><subfield code="a">"New series" dropped from numbering designation, by &lt;1847&gt;.</subfield></datafield><datafield ind1=" " ind2=" " tag="515"><subfield code="a">Issue for May 20, 1858 published in Canajoharie, N.Y. and also called New ser., vol. 1, no. 1.</subfield></datafield><datafield ind1=" " ind2=" " tag="588"><subfield code="a">Description based on: New ser., vol. 3, no. 21 (July 20, 1843).</subfield></datafield><datafield ind1=" " ind2="0" tag="651"><subfield code="a">Canajoharie (N.Y.)</subfield><subfield code="v">Newspapers.</subfield></datafield><datafield ind1=" " ind2="0" tag="651"><subfield code="a">Fort Plain (N.Y.)</subfield><subfield code="v">Newspapers.</subfield></datafield><datafield ind1=" " ind2="0" tag="651"><subfield code="a">Hamilton (N.Y.)</subfield><subfield code="v">Newspapers.</subfield></datafield><datafield ind1=" " ind2="0" tag="651"><subfield code="a">Montgomery County (N.Y.)</subfield><subfield code="v">Newspapers.</subfield></datafield><datafield ind1=" " ind2="0" tag="651"><subfield code="a">Madison County (N.Y.)</subfield><subfield code="v">Newspapers.</subfield></datafield><datafield ind1=" " ind2="7" tag="655"><subfield code="a">Newspapers.</subfield><subfield code="2">fast</subfield><subfield code="0">(OCoLC)fst01423814</subfield></datafield><datafield ind1=" " ind2="7" tag="651"><subfield code="a">New York (State)</subfield><subfield code="z">Canajoharie.</subfield><subfield code="2">fast</subfield><subfield code="0">(OCoLC)fst01238633</subfield></datafield><datafield ind1=" " ind2="7" tag="651"><subfield code="a">New York (State)</subfield><subfield code="z">Fort Plain.</subfield><subfield code="2">fast</subfield><subfield code="0">(OCoLC)fst01287915</subfield></datafield><datafield ind1=" " ind2="7" tag="651"><subfield code="a">New York (State)</subfield><subfield code="z">Hamilton.</subfield><subfield code="2">fast</subfield><subfield code="0">(OCoLC)fst01212819</subfield></datafield><datafield ind1=" " ind2="7" tag="651"><subfield code="a">New York (State)</subfield><subfield code="z">Madison County.</subfield><subfield code="2">fast</subfield><subfield code="0">(OCoLC)fst01209190</subfield></datafield><datafield ind1=" " ind2="7" tag="651"><subfield code="a">New York (State)</subfield><subfield code="z">Montgomery County.</subfield><subfield code="2">fast</subfield><subfield code="0">(OCoLC)fst01208884</subfield></datafield><datafield ind1=" " ind2=" " tag="752"><subfield code="a">United States</subfield><subfield code="b">New York</subfield><subfield code="c">Montgomery</subfield><subfield code="d">Canajoharie.</subfield></datafield><datafield ind1=" " ind2=" " tag="752"><subfield code="a">United States</subfield><subfield code="b">New York</subfield><subfield code="c">Montgomery</subfield><subfield code="d">Fort Plain.</subfield></datafield><datafield ind1=" " ind2=" " tag="752"><subfield code="a">United States</subfield><subfield code="b">New York</subfield><subfield code="c">Madison</subfield><subfield code="d">Hamilton.</subfield></datafield><datafield ind1="0" ind2="0" tag="785"><subfield code="t">Canajoharie radii (Canajoharie, N.Y. : 1858)</subfield><subfield code="w">(DLC)sn 83031551</subfield></datafield></record>